01REMESSA01COBRANCA       2554002345678        EMPRESA DEMO                  237BRADESCO SA    120417                                                                                                                                                                                                                                                                                                      000000
9                                                                                                                                                                                                                                                                                                                                                                                                         000002
